101 076401251 0764012510807291511A094101achdestname            companyname                    
5225companyname                         origid    PPDCHECKPAYMT000002080730   1076401250000001
62705320001912345            0000010500c-1            Bachman Eric          DD1076401255655291
705as;ljasdl;kjasdl;jasdf;                                                         00015655291
82250000020005320001000000010500000000000000origid                             076401250000001
9000001000001000000020005320001000000010500000000000000
9999999999999999999999999999999999999999999999999999999999999999999999999999999999999999999999
9999999999999999999999999999999999999999999999999999999999999999999999999999999999999999999999
9999999999999999999999999999999999999999999999999999999999999999999999999999999999999999999999
9999999999999999999999999999999999999999999999999999999999999999999999999999999999999999999999